<record><leader>00000cas a2200000 a 4500</leader><controlfield tag="001">38139263</controlfield><controlfield tag="008">971230d1930193ucaudn ne      0    0eng c</controlfield><datafield ind1=" " ind2=" " tag="010"><subfield code="a">sn 97069706 </subfield></datafield><datafield ind1=" " ind2=" " tag="040"><subfield code="a">CNK</subfield><subfield code="b">eng</subfield><subfield code="c">CNK</subfield><subfield code="d">OCLCQ</subfield><subfield code="d">CNK</subfield><subfield code="d">OCLCQ</subfield><subfield code="d">OCLCF</subfield><subfield code="d">OCLCO</subfield></datafield><datafield ind1="1" ind2=" " tag="029"><subfield code="a">AU@</subfield><subfield code="b">000013708295</subfield></datafield><datafield ind1=" " ind2=" " tag="042"><subfield code="a">pcc</subfield></datafield><datafield ind1=" " ind2=" " tag="043"><subfield code="a">n-us-ca</subfield></datafield><datafield ind1="0" ind2="0" tag="245"><subfield code="a">South Gate daily evening tribune.</subfield></datafield><datafield ind1="1" ind2=" " tag="246"><subfield code="i">Issues for Apr. 6-&lt;Apr. 30, 1931&gt; published as:</subfield><subfield code="a">South Gate daily evening tribune and Walnut Park daily news</subfield></datafield><datafield ind1="3" ind2=" " tag="246"><subfield code="a">South Gate tribune</subfield></datafield><datafield ind1="1" ind2="3" tag="246"><subfield code="a">South Gate daily tribune</subfield></datafield><datafield ind1=" " ind2=" " tag="260"><subfield code="a">South Gate, Calif. :</subfield><subfield code="b">Tribune News Pub. Co.</subfield></datafield><datafield ind1=" " ind2=" " tag="300"><subfield code="a">v.</subfield></datafield><datafield ind1=" " ind2=" " tag="310"><subfield code="a">Daily (except Sun.)</subfield></datafield><datafield ind1="1" ind2=" " tag="362"><subfield code="a">Began on Nov. 3, 1930.</subfield></datafield><datafield ind1=" " ind2=" " tag="500"><subfield code="a">"Daily" and "Evening" appear in small print within masthead ornament.</subfield></datafield><datafield ind1=" " ind2=" " tag="530"><subfield code="a">Master negatives are available for duplication from:</subfield><subfield code="b">California Newspaper Microfilm Archive;</subfield><subfield code="c">positive copies may be purchased by the reel; for further information consult the CNMA at:</subfield><subfield code="u">http://cbsr.ucr.edu</subfield></datafield><datafield ind1=" " ind2=" " tag="588"><subfield code="a">Description based on: Vol. 7, no. 84 (Nov. 4, 1930).</subfield></datafield><datafield ind1=" " ind2="0" tag="651"><subfield code="a">South Gate (Calif.)</subfield><subfield code="v">Newspapers.</subfield></datafield><datafield ind1=" " ind2="7" tag="655"><subfield code="a">Newspapers.</subfield><subfield code="2">fast</subfield><subfield code="0">(OCoLC)fst01423814</subfield></datafield><datafield ind1=" " ind2="7" tag="651"><subfield code="a">California</subfield><subfield code="z">South Gate.</subfield><subfield code="2">fast</subfield><subfield code="0">(OCoLC)fst01226766</subfield></datafield><datafield ind1=" " ind2=" " tag="752"><subfield code="a">United States</subfield><subfield code="b">California</subfield><subfield code="c">Los Angeles</subfield><subfield code="d">South Gate.</subfield></datafield><datafield ind1="0" ind2="0" tag="780"><subfield code="t">South Gate tribune (South Gate, Calif. : 1924)</subfield><subfield code="w">(DLC)sn 97069705</subfield></datafield></record>